@Book{xie2015,
  title = {Dynamic Documents with {R} and knitr},
  author = {Yihui Xie},
  publisher = {Chapman and Hall/CRC},
  address = {Boca Raton, Florida},
  year = {2015},
  edition = {2nd},
  note = {ISBN 978-1498716963},
  url = {http://yihui.name/knitr/},
}

@article{mora2011,
	title = {How Many Species Are There on Earth and in the Ocean?},
	author = {{Mora}, {Camilo} and {Tittensor}, {Derek P.} and {Adl}, {Sina} and {Simpson}, {Alastair G. B.} and {Worm}, {Boris}},
	editor = {{Mace}, {Georgina M.}},
	year = {2011},
	month = {08},
	date = {2011-08-23},
	journal = {PLoS Biology},
	pages = {e1001127},
	volume = {9},
	number = {8},
	doi = {10.1371/journal.pbio.1001127},
	url = {http://dx.doi.org/10.1371/journal.pbio.1001127},
	langid = {en}
}

@book{species,
	title = {Species 2000 & ITIS Catalogue of Life, 2019 Annual Checklist},
	editor = {{Roskov Y., Ower G., Orrell T., Nicolson D., Bailly N., Kirk P.M., Bourgoin T., DeWalt R.E., Decock W., Nieukerken E. van, Zarucchi J., Penev L.}, {}},
	publisher = {Species 2000},
	url = {www.catalogueoflife.org/annual-checklist/2019},
	address = {Leiden, the Netherlands}
}

@article{dequeiroz2007,
	title = {Species Concepts and Species Delimitation},
	author = {{De Queiroz}, {Kevin}},
	year = {2007},
	month = {12},
	date = {2007-12-01},
	journal = {Systematic Biology},
	pages = {879--886},
	volume = {56},
	number = {6},
	doi = {10.1080/10635150701701083},
	url = {http://dx.doi.org/10.1080/10635150701701083},
	langid = {en}
}
